@inproceedings{freitas2017serious,
  title={Serious games development as a tool to prevent repetitive strain injuries in hands: first steps},
  author={Freitas, H{\'e}lder and Soares, Filomena and Carvalho, V{\'\i}tor and Matos, Demetrio},
  booktitle={International Conference on Interactive Collaborative Learning},
  pages={954--964},
  year={2017},
  organization={Springer}
}

@article{campbell2001don,
  title={Why don't patients do their exercises? Understanding non-compliance with physiotherapy in patients with osteoarthritis of the knee},
  author={Campbell, R and Evans, M and Tucker, M and Quilty, B and Dieppe, P and Donovan, JL},
  journal={Journal of Epidemiology \& Community Health},
  volume={55},
  number={2},
  pages={132--138},
  year={2001},
  publisher={BMJ Publishing Group Ltd}
}

@article{lohse2014virtual,
  title={Virtual reality therapy for adults post-stroke: a systematic review and meta-analysis exploring virtual environments and commercial games in therapy},
  author={Lohse, Keith R and Hilderman, Courtney GE and Cheung, Katharine L and Tatla, Sandy and Van der Loos, HF Machiel},
  journal={PloS one},
  volume={9},
  number={3},
  year={2014},
  publisher={Public Library of Science}
}

@article{wouters2013meta,
  title={A meta-analysis of the cognitive and motivational effects of serious games.},
  author={Wouters, Pieter and Van Nimwegen, Christof and Van Oostendorp, Herre and Van Der Spek, Erik D},
  journal={Journal of educational psychology},
  volume={105},
  number={2},
  pages={249},
  year={2013},
  publisher={American Psychological Association}
}

@article{gorvsivc2017competitive,
  title={Competitive and cooperative arm rehabilitation games played by a patient and unimpaired person: effects on motivation and exercise intensity},
  author={Gor{\v{s}}i{\v{c}}, Maja and Cikajlo, Imre and Novak, Domen},
  journal={Journal of neuroengineering and rehabilitation},
  volume={14},
  number={1},
  pages={23},
  year={2017},
  publisher={BioMed Central}
}

@article{batista2019farmyo,
  title={FarMyo: A Serious Game for Hand and Wrist Rehabilitation Using a Low-Cost Electromyography Device},
  author={Batista, Thiago VV and dos Santos Machado, Liliane and Valen{\c{c}}a, Ana Maria Gondim and de Moraes, Ronei Marcos},
  journal={International Journal of Serious Games},
  volume={6},
  number={2},
  pages={3--19},
  year={2019}
}

@inproceedings{leder2008nintendo,
  title={Nintendo Wii remote for computer simulated arm and wrist therapy in stroke survivors with upper extremity hemipariesis},
  author={Leder, Ron S and Azcarate, Gil and Savage, Rodrigo and Savage, Saiph and Sucar, L Enrique and Reinkensmeyer, David and Toxtli, Carlos and Roth, Emilio and Molina, Ariel},
  booktitle={2008 virtual rehabilitation},
  pages={74--74},
  year={2008},
  organization={IEEE}
}

@article{wiemeyer2012serious,
  title={Serious games in prevention and rehabilitationâ€”a new panacea for elderly people?},
  author={Wiemeyer, Josef and Kliem, Annika},
  journal={European Review of Aging and Physical Activity},
  volume={9},
  number={1},
  pages={41},
  year={2012}
}